@INPROCEEDINGS{8422323,
  author={Vilgelm, Mikhail and Schiessl, Sebastian and Al-Zubaidy, Hussein and Kellerer, Wolfgang and Gross, James},
  booktitle={2018 IEEE International Conference on Communications (ICC)},
  title={On the Reliability of LTE Random Access: Performance Bounds for Machine-to-Machine Burst Resolution Time},
  year={2018},
  volume={},
  number={},
  pages={1-7},
  doi={10.1109/ICC.2018.8422323}}

@ARTICLE{7875393,
  author={Jin, Hu and Toor, Waqas Tariq and Jung, Bang Chul and Seo, Jun-Bae},
  journal={IEEE Transactions on Vehicular Technology},
  title={Recursive Pseudo-Bayesian Access Class Barring for M2M Communications in LTE Systems},
  year={2017},
  volume={66},
  number={9},
  pages={8595-8599},
  doi={10.1109/TVT.2017.2681206}}

